@inproceedings{falakmasir2013spectral,
  added-at = {2014-01-06T03:10:07.000+0100},
  author = {Falakmasir, Mohammad H and Pardos, Zachary A and Gordon, Geoffrey J and Brusilovsky, Peter},
  biburl = {http://www.bibsonomy.org/bibtex/266779d44de2290d4931139a54dadf9ec/brusilovsky},
  booktitle = {6th International Conference on Educational Data Mining (EDM 2013).},
  interhash = {457572833213b68b79c90b906501d05b},
  intrahash = {66779d44de2290d4931139a54dadf9ec},
  keywords = {knowledge-tracing myown student-model},
  organization = {International Educational Data Mining Society},
  pages = {28--35},
  timestamp = {2014-01-06T03:10:07.000+0100},
  title = {A Spectral Learning Approach to Knowledge Tracing},
  year = 2013
}

@inproceedings{vandesande2013,
  author = {Van de Sande, Brett},
  booktitle = {6th International Conference on Educational Data Mining (EDM 2013).},
  keywords = {knowledge-tracing myown student-model},
  organization = {International Educational Data Mining Society},
  pages = {193--199},
  title = {Applying Three Models of Learning to Individual Student Log Data},
  year = 2013
}

@inproceedings{ritter,
  added-at = {2010-10-06T00:00:00.000+0200},
  author = {Ritter, Steven and Harris, Thomas K. and Nixon, Tristan and Dickison, Daniel and Murray, R. Charles and Towle, Brendon},
  biburl = {http://www.bibsonomy.org/bibtex/27b8b419bfce18b045ba71544c2ec19f5/dblp},
  booktitle = {EDM},
  editor = {Barnes, Tiffany and Desmarais, Michel C. and Romero, Crist칩bal and Ventura, Sebasti치n},
  ee = {http://www.educationaldatamining.org/EDM2009/uploads/proceedings/ritter.pdf},
  interhash = {41691f2f6f5d75df9310d56b53df9eac},
  intrahash = {7b8b419bfce18b045ba71544c2ec19f5},
  isbn = {978-84-613-2308-1},
  keywords = {dblp},
  pages = {151-160},
  publisher = {www.educationaldatamining.org},
  timestamp = {2010-10-06T00:00:00.000+0200},
  title = {Reducing the Knowledge Tracing Space.},
  url = {http://dblp.uni-trier.de/db/conf/edm/edm2009.html#RitterHNDMT09},
  year = 2009
}

@inproceedings{conf/um/PardosH10,
  added-at = {2010-07-21T16:03:25.000+0200},
  author = {Pardos, Zachary A. and Heffernan, Neil T.},
  biburl = {http://www.bibsonomy.org/bibtex/2c9582ba4f1eb2719525c92725ce24ed1/dblp},
  booktitle = {UMAP},
  date = {2010-06-29},
  editor = {Bra, Paul De and Kobsa, Alfred and Chin, David N.},
  ee = {http://dx.doi.org/10.1007/978-3-642-13470-8_24},
  interhash = {83f4d64c5559cdc5678ff726d379eddb},
  intrahash = {c9582ba4f1eb2719525c92725ce24ed1},
  isbn = {978-3-642-13469-2},
  keywords = {dblp},
  pages = {255-266},
  publisher = {Springer},
  series = {Lecture Notes in Computer Science},
  timestamp = {2010-07-21T16:03:25.000+0200},
  title = {Modeling Individualization in a Bayesian Networks Implementation of Knowledge Tracing.},
  url = {http://dblp.uni-trier.de/db/conf/um/umap2010.html#PardosH10},
  volume = 6075,
  year = 2010
}

@article{pardosjohnson,
AUTHOR="Pardos, Z A and Johnson, M J",
TITLE="Scaling Cognitive Modeling to Massive Open Environments (in preparation)",
JOURNAL="TOCHI Special Issue on Learning at Scale",
YEAR=2015
}

@MISC{normaltest,
key = {SciPy},
title = {{SciPy v0.13.0 Reference Guide}: scipy.stats.normaltest},
month = may,
year = {2013},
howpublished = {\url{http://docs.scipy.org/doc/scipy/reference/generated/scipy.stats.normaltest.html}},
note = "[Online; accessed 24-April-2014]"
}

@inproceedings{conf/edm/NooraeiPHB11,
  added-at = {2011-09-19T00:00:00.000+0200},
  author = {Nooraei, Bahador B. and Pardos, Zachary A. and Heffernan, Neil T. and de Baker, Ryan Shaun Joazeiro},
  biburl = {http://www.bibsonomy.org/bibtex/258260452d4540838f7a0d9cf712d9096/dblp},
  booktitle = {EDM},
  editor = {Pechenizkiy, Mykola and Calders, Toon and Conati, Cristina and Ventura, Sebasti치n and Romero, Crist칩bal and Stamper, John C.},
  ee = {http://educationaldatamining.org/EDM2011/wp-content/uploads/proc/edm2011_paper32_full_Nooraei.pdf},
  interhash = {9c8615891767138a0e06a1d6b128411d},
  intrahash = {58260452d4540838f7a0d9cf712d9096},
  isbn = {978-90-386-2537-9},
  keywords = {dblp},
  pages = {101-110},
  publisher = {www.educationaldatamining.org},
  timestamp = {2011-09-19T00:00:00.000+0200},
  title = {Less is More: Improving the Speed and Prediction Power of Knowledge Tracing by Using Less Data.},
  url = {http://dblp.uni-trier.de/db/conf/edm/edm2011.html#NooraeiPHB11},
  year = 2011
}